@InCollection{Beek2014,
  author =       {Wouter Beek and Lauren Rietveld and Hamid Bazoobandi
                  and Jan Wielemaker and Stefan Schlobach},
  booktitle =    {The {Semantic Web}--{ISWC} 2014},
  pages =        {213--228},
  publisher =    {Springer},
  title =        {{LOD laundromat}: A Uniform Way of Publishing Other
                  People's Dirty Data},
  year =         2014
}

@Misc{BernersLee1998,
  title =        {Cool {URIs} don't change},
  author =       {Berners-Lee, Tim},
  year =         1998,
  url =          {http://www.w3.org/Provider/Style/URI.html.en}
}

@Misc{BernersLee2005,
  author =       {Tim Berners-Lee and R. Fielding and L. Masinter},
  organization = {{RFC}},
  month =        {January},
  title =        {{Uniform Resource Identifier}: Generic Syntax},
  url =          {http://www.rfc-editor.org/info/rfc3986},
  year =         2005
}

@InProceedings{Buikstra2011,
  title =        {Ranking Query Results from {Linked Open Data} Using
                  a Simple Cognitive Heuristic},
  author =       {Buikstra, Arjon and Neth, Hansj{\"o}rg and Schooler,
                  Lael and ten Teije, Annette and van Harmelen, Frank},
  booktitle =    {LDH},
  pages =        {55--60},
  year =         2011
}

@Book{Cover1991,
  title =        {Elements of {Information Theory}},
  publisher =    {John Wiley},
  series =       {Series in Telecommunications},
  year =         1991,
  author =       {T.M. Cover and J.A. Thomas}
}

@Misc{Cyganiak2014,
  author = {Richard Cyganiak and David Wood and Markus Lanthaler},
  number = {1.1},
  organization = {{W3C}},
  title = {{RDF} 1.1 Concepts and Abstract Syntax},
  year = 2014
}

@Article{Deborah2004,
  author = {Deborah L. McGuinness and Frank Van Harmelen},
  journal = {{W3C} Recommendation},
  number = {10},
  title = {{OWL} Web Ontology Language Overview},
  volume = {10},
  year = {2004}
}

% 1.  The majority of sufficiently large SW schemas approximate
%     a power-law distribution for:
%     1a. The total degree
%     1b. The number of subsumed classes.
% 2.  Class subsumption hierarchies are unbalanced.
% 3.  Most properties have a domain and range that is located
%     high in the class subsumption hierarchy.
@InCollection{Ding2006,
  title = {Characterizing the {Semantic Web} on the Web},
  author = {Ding, Li and Finin, Tim},
  booktitle = {The {Semantic Web}--{ISWC} 2006},
  pages = {242--257},
  year = {2006},
  publisher = {Springer}
}

@InProceedings{Dragisic2014,
  title =        {Results of the {Ontology Alignment Evaluation
                  Initiative} 2014},
  author =       {Dragisic, Zlatan and Eckert, Kai and Euzenat,
                  J{\'e}r{\^o}me and Faria, Daniel and Ferrara, Alfio
                  and Granada, Roger and Ivanova, Valentina and
                  Jim{\'e}nez-Ruiz, Ernesto and Kempf, Andreas Oskar
                  and Lambrix, Patrick and others},
  booktitle =    {Proceedings of the 9th {International Conference on
                  Ontology Matching}},
  pages =        {61--104},
  volume =       1317,
  year =         2014
}

@Misc{Duerst2005,
  author = {M. Duerst and M. Suignard},
  organization = {{RFC}},
  month = {January},
  title = {{Internationalized Resource Identifiers}},
  url = {http://www.rfc-editor.org/info/rfc3987},
  year = {2005}
}

@InProceedings{Farrugia2003,
  author = {James Farrugia},
  booktitle = {{Proc. of the 12th Int. Conf. on WWW}},
  organization = {{ACM}},
  pages = {29--38},
  title = {{Model-theoretic Semantics for the Web}},
  year = {2003}
}

@InProceedings{Fernandez2010,
  title =        {{RDF} Compression: Basic Approaches},
  author =       {Fern{\'a}ndez, Javier D and Gutierrez, Claudio and
                  Mart{\'\i}nez-Prieto, Miguel A},
  booktitle =    {Proceedings of the 19th International Conference on
                  World Wide Web},
  pages =        {1091--1092},
  year =         2010,
  organization = {{ACM}}
}

@Article{Fernandez2013,
  author =       {Javier D. Fern\'andez and Miguel A. Mart\'\i
                  nez-Prieto and Claudio Guti\'errez and Axel Polleres
                  and Mario Arias},
  title =        {Binary {RDF} Representation for Publication and
                  Exchange ({HDT})},
  journal =      {Journal of Web Semantics},
  volume =       19,
  number =       0,
  year =         2013,
  publisher =    {Elsevier},
  keywords =     {RDF, Binary formats, Data compaction and
                  compression, RDF metrics},
  issn =         {1570-8268},
  url =
                  {http://www.websemanticsjournal.org/index.php/ps/article/view/328}
}

@Book{Garey1990,
  author =       {Michael R. Garey and David S. Johnson},
  title =        {Computers and Intractability: A Guide to the Theory
                  of {NP}-Completeness},
  year =         1990,
  isbn =         0716710455,
  publisher =    {W. H. Freeman \& Co.},
  address =      {New York, NY, USA},
}

@InProceedings{Gottron2013,
  author =       {Thomas Gottron and Malte Knauf and Stefan Scheglmann
                  and Ansgar Scherp},
  booktitle =    {Proceedings of {ESWC}},
  pages =        {228--242},
  title =        {A Systematic Investigation of Explicit and Implicit
                  Schema Information on the {Linked Open Data Cloud}},
  year =         2013
}

@Book{Grunwald2007,
  author = {P. D. Gr\"unwald},
  title = {The {Minimum Description Length} Principle},
  publisher = {{MIT} Press},
  month = {June},
  year = {2007}
}

@Book{Halpern2013,
  author = {Harry Halpern},
  publisher = {Springer},
  title = {{Social Semantics}: The Search for Meaning on the Web},
  year = {2013}
}

@Misc{Hayes2014,
  author = {Patrick J. Hayes and Peter F. Patel-Schneider},
  institution = {{W3C}},
  number = {1.1},
  title = {{RDF} 1.1 Semantics},
  year = {2014}
}


@InProceedings{Huang2008,
  author =       {Zh. Huang and F. van Harmelen},
  title =        {Using Semantic Distances for Reasoning with
                  Inconsistent Ontologies},
  booktitle =    {{ISWC} Proceedings},
  pages =        {178-194},
  year =         2008,
  volume =       5318,
  series =       {{LNCS}},
  publisher =    {{Springer}}
}

% Proof of Kraft inequality: see for instance~\cite[page 82]{cover1991}.
@Article{McMillan1956,
  author =       {B. McMillan},
  journal =      {{IEEE} Transactions on {Information Theory}},
  title =        {Two Inequalities Implied by Unique Decipherability},
  year =         1956,
  month =        {December},
  volume =       2,
  number =       4,
  pages =        {115-116}
}

@Article{Krichevsky1981,
  author =       {Raphail E. Krichevsky and Victor K. Trofimov},
  title =        {The Performance of Universal Encoding},
  journal =      {{IEEE} Transactions on {Information Theory}},
  year =         1981,
  volume =       27,
  pages =        {199--207},
  number =       2,
  month =        {March}
}

@InProceedings{NeumannMoerkotte2011,
  title =        {Characteristic Sets: Accurate Cardinality Estimation
                  for {RDF} Queries with Multiple Joins},
  author =       {Thomas Neumann and Guido Moerkotte},
  booktitle =    {27th International Conference on Data Engineering},
  pages =        {984--994},
  year =         2011,
  organization = {{IEEE}}
}

@Article{Oren2008,
  author =       {Oren, Eyal and Delbru, Renaud and Catasta, Michele
                  and Cyganiak, Richard and Stenzhorn, Holger and
                  Tummarello, Giovanni},
  journal =      {{International Journal of Metadata, Semantics and
                  Ontologies}},
  title =        {{Sindice.com}: A Document-oriented Lookup Index for
                  {Open Linked Data}},
  volume =       3,
  number =       1,
  pages =        {37--52},
  year =         2008,
  publisher =    {Inderscience Publishers}
}

@Misc{Peterson2012,
  author =       {David Peterson and Shudi (Sandy) Gao and Ashok
                  Malhotra and C.M. Sperberg-McQueen and Henry
                  S. Thompson},
  month =        {April},
  number =       {1.1},
  organization = {{W3C}},
  title =        {{XML Schema Definition Language} 1.1 Part 2:
                  Datatypes},
  url =
                  {http://www.w3.org/TR/2012/REC-xmlschema11-2-20120405/},
  year =         2012
}

@Article{Pitman1997,
  author =       {J. Pitman and M. Yor},
  journal =      {The Annals of Probability},
  month =        {April},
  number =       2,
  pages =        {855--900},
  publisher =    {The Institute of Mathematical Statistics},
  title =        {The Two-parameter {Poisson-Dirichlet} Distribution
                  Derived from a Stable Subordinator},
  volume =       25,
  year =         1997
}

@article{Rissanen1976,
  author =       {J. Rissanen},
  title =        {Generalized {Kraft Inequality} and Arithmetic
                  Coding},
  year =         1976,
  journal =      {{IBM} Journal of Research and Development},
  volume =       20,
  number =       3,
  page =         198
}

@Article{Rissanen78,
AUTHOR = {J. Rissanen},
TITLE = {Modeling by the shortest data description},
JOURNAL = {Automatica},
VOLUME = {14},
PAGES = {465-471},
YEAR = {1978},
}

@Article{Rissanen84,
AUTHOR = {J. Rissanen},
TITLE = {Universal coding, information, prediction and estimation},
JOURNAL = {IEEE Transactions on Information Theory},
VOLUME = {30},
YEAR = {1984},
PAGES = {629-636},
}

@Misc{Sauermann2006,
  author = {Leo Sauermann and Richard Cyganiak},
  title = {{Cool URIs for the Semantic Web}},
  year = {2006}
}

@article{Shannon1948,
  author  =       "C.E. Shannon",
  title   =       "A Mathematical Theory of Communication",
  journal =       "Bell Systems Technical Journal",
  year    =       "1948",
  volume  =       "27",
  pages   =       "379-423, 623-656",
}

@InProceedings{Stoilos2005,
  title={A string metric for ontology alignment},
  author={Stoilos, Giorgos and Stamou, Giorgos and Kollias, Stefanos},
  booktitle={International Semantic Web Conference},
  pages={624--637},
  year={2005},
  organization={Springer}
}

@Article{Theoharis2008,
  author = {
    Theoharis, Yannis and
    Tzitzikas, Yannis and
    Kotzinos, Dimitris and
    Christophides, Vassilis
  },
  journal = {IEEE Transactions on Knowledge and Data Engineering},
  number = {5},
  pages = {692--702},
  publisher = {IEEE},
  title = {{On Graph Features of Semantic Web Schemas}},
  volume = {20},
  year = {2008}
}

@Misc{Theraux2003,
  author = {Olivier Th\'{e}raux},
  month = {January},
  title = {{Common HTTP Implementation Problems}},
  url = {http://www.w3.org/TR/chips/},
  year = {2003}
}

@InProceedings{Urbani2010,
  title = {Massive semantic web data compression with mapreduce},
  author = {Urbani, Jacopo and Maassen, Jason and Bal, Henri},
  booktitle = {Proc. of the 19th ACM Int. Symp. on High Performance Distributed Computing},
  pages = {795--802},
  year = {2010},
  organization = {ACM}
}

@Article{Halpin2009,
  author = 	 {Harry Halpin and Henry Thompson},
  title = 	 {Social Meaning on the Web: From Wittgenstein to 
                  Search Engines},
  journal = 	 {IEEE Intelligent Systems},
  year = 	 2009,
  volume = 	 24,
  number = 	 6,
  pages = 	 {27--31}}

@book{CoverThomas,
  author = {Cover, Thomas M. and Thomas, Joy A.},
  title = {{Elements of Information Theory}},
  year = {2006},
  publisher = {Wiley-Interscience},
}

@article{Vitanyi2004,
  author    = {Ming Li and
               Xin Chen and
               Xin Li and
               Bin Ma and
               Paul M. B. Vit{\'{a}}nyi},
  title     = {The similarity metric},
  journal   = {{IEEE} Trans. Information Theory},
  volume    = {50},
  number    = {12},
  pages     = {3250--3264},
  year      = {2004},
  url       = {http://dx.doi.org/10.1109/TIT.2004.838101},
  doi       = {10.1109/TIT.2004.838101},
  timestamp = {Wed, 09 Mar 2016 15:07:37 +0100},
  biburl    = {http://dblp.uni-trier.de/rec/bib/journals/tit/LiCLMV04},
  bibsource = {dblp computer science bibliography, http://dblp.org}
}

@inproceedings{Vitanyi2011,
  author    = {Paul M. B. Vit{\'{a}}nyi},
  title     = {Compression-Based Similarity},
  booktitle = {First International Conference on Data Compression, Communications
               and Processing, {CCP} 2011, Palinuro, Cilento Coast, Italy, June 21-24,
               2011},
  pages     = {111--118},
  year      = {2011},
  url       = {http://dx.doi.org/10.1109/CCP.2011.50},
  doi       = {10.1109/CCP.2011.50},
  timestamp = {Wed, 22 Oct 2014 18:51:19 +0200},
  biburl    = {http://dblp.uni-trier.de/rec/bib/conf/ccp/Vitanyi11},
  bibsource = {dblp computer science bibliography, http://dblp.org}
}

@article{Vitanyi2007,
  author    = {Rudi Cilibrasi and
               Paul M. B. Vit{\'{a}}nyi},
  title     = {The Google Similarity Distance},
  journal   = {{IEEE} Trans. Knowl. Data Eng.},
  volume    = {19},
  number    = {3},
  pages     = {370--383},
  year      = {2007},
  url       = {http://dx.doi.org/10.1109/TKDE.2007.48},
  doi       = {10.1109/TKDE.2007.48},
  timestamp = {Tue, 08 Sep 2015 17:31:29 +0200},
  biburl    = {http://dblp.uni-trier.de/rec/bib/journals/tkde/CilibrasiV07},
  bibsource = {dblp computer science bibliography, http://dblp.org}
}

@Book{Wonnacott1990,
  title={Introductory statistics},
  author={Wonnacott, T.H. and Wonnacott, R.J.},
  isbn=9780471615187,
  lccn={lc89032904},
  series={Wiley series in probability and mathematical statistics: Applied probability and statistics},
  year=1990,
  publisher={Wiley}
}
